DONT HAVE ACCESS TO

@Book{Hansch1995,
  author = {Hansch, Corwin H and Leo, Albert},
  title = {Substituent constants for correlation analysis in chemistry and biology.},
  Publisher = {Wiley, New York},
  year = {1979}
}

USING IN THE ARTICLE

%%%%%%%%
% Webpage Link / URL
%
@MISC{Hastie1999,
author = {Doe, Paul},
title  = {Imputing Missing Data for Gene Expression Arrays, Stanford University Statistics Department Technical report},
month = jun,
year = {1999},
url = {http://www-stat.stanford.edu/~hastie/Papers/missing.pdf}
}

%@webpage{Hastie1999,
%	author = {R. N. Smith and C. Hansch and M. Ames},
%	url = {http://www-stat.stanford.edu/~hastie/Papers/missing.pdf}
%	year = {1999}
%}

@webpage{Indigo,
	title  = {Indigo cheminformatics library},
	url = {http://ggasoftware.com/opensource/indigo/}
}

@webpage{Inchi,
	title  = {The IUPAC International Chemical Identifier (InChI)},
	url = {http://www.iupac.org/home/publications/e-resources/inchi.html}
}

NOT USING IN THE ARTICLE YET


@Book{Hansch1979,
  author = {Hansch, Corwin H and Leo, Albert},
  title = {Substituent constants for correlation analysis in chemistry and biology.},
  Publisher = {Wiley, New York},
  year = {1979}
}

@article {Junghans1997,
author = {Junghans, Martin and Pretsch, E.},
affiliation = {Department of Organic Chemistry, Swiss Federal Institute of Technology (ETH), Universit{\"a}tstrasse 16, CH-8092 Z{\"u}rich, Switzerland CH},
title = {Estimation of partition coefficients of organic compounds: local database modeling with uniform-length structure descriptors},
journal = {Fresenius' Journal of Analytical Chemistry},
publisher = {Springer Berlin / Heidelberg},
issn = {0937-0633},
keyword = {Chemistry},
pages = {88-92},
volume = {359},
issue = {1},
url = {http://dx.doi.org/10.1007/s002160050541},
note = {10.1007/s002160050541},
year = {1997}
}

@article{Kuhn2008,
  author =	"Max Kuhn",
  title =	"Building Predictive Models in R Using the caret Package",
  journal =	"Journal of Statistical Software",
  volume =	"28",
  number =	"5",
  pages =	"1--26",
  day =  	"10",
  month =	"11",
  year = 	"2008",
  CODEN =	"JSSOBK",
  ISSN = 	"1548-7660",
  bibdate =	"2008-08-18",
  URL =  	"http://www.jstatsoft.org/v28/i05",
  accepted =	"2008-08-18",
  acknowledgement = "",
  keywords =	"",
  submitted =	"2008-04-22",
}

@article {Meylan2000,
author = {Meylan, William and Howard, Philip},
affiliation = {Syracuse Research Corporation Environmental Science Center 6225 Running Ridge Road North Syracuse NY 13212-2510 U.S.A. 6225 Running Ridge Road North Syracuse NY 13212-2510 U.S.A.},
title = {Estimating log P with atom/fragments and water solubility with log P},
journal = {Perspectives in Drug Discovery and Design},
publisher = {Springer Netherlands},
issn = {0928-2866},
keyword = {Medicine},
pages = {67-84},
volume = {19},
issue = {1},
url = {http://dx.doi.org/10.1023/A:1008715521862},
year = {2000}
}

@article {Petrauskas2000,
author = {Petrauskas, Alanas and Kolovanov, Eduard},
affiliation = {ACD, Inc. 133 Richmond St. W., Suite 605 Toronto ON Canada M5H 2L3 133 Richmond St. W., Suite 605 Toronto ON Canada M5H 2L3},
title = {ACD/Log P method description},
journal = {Perspectives in Drug Discovery and Design},
publisher = {Springer Netherlands},
issn = {0928-2866},
keyword = {Medicine},
pages = {99-116},
volume = {19},
issue = {1},
url = {http://dx.doi.org/10.1023/A:1008719622770},
year = {2000}
}

@Book{Rekker1991,
  author = {Rekker, R F and Mannhold, R},
  title = {Calculation of Drug Lipophilicity.},
  Publisher = {VCH},
  year = {1991}
}

@Misc{MolLogP,
  title = "Molinspiratoin, Interactive logP calculator",
  howpublished = "Website",
  note = {\url{http://www.molinspiration.com/services/logp.html} (accessed 15/06/2011)},  
  year = 2005
}

@Misc{MiLogP,
  title = "MolSoft, Drug-Likeness and Molecular Property Prediction",
  howpublished = "Website",
  note = {\url{http://www.molsoft.com/mprop/} (accessed 15/06/2011)},  
  year = 2011
}

@Misc{Laggner2009,
  title = "Laggner, C. SMARTS Patterns for Functional Group Classification",
  howpublished = "Website",
  note = {\url{https://www.chemaxon.com/forum/smarts-pattern-download3439.txt} (accessed 18/06/2012)},  
  year = 2009
}

@Misc{MOE2010,
  title = "Molecular Operating Environment (MOE 2010.10).",
  howpublished = "Chemical Computing Group, Inc.",
  note = {1225 Univesity St., Suite 1600, Montreal, Quebec, Canada, H3B 3X3.}  
  year = 2010
}

@Misc{PLP2008,
  title = "Pipeline Pilot.",
  howpublished = "Accelrys Software Inc.: San Diego CA",  
  year = 2008
}

@Book{ShaweTaylor2000,
  author = {Shawe-Taylor, John H and Cristianini, Nello},
  title = {Support Vector Machines.},
  Publisher = {Cambridge University Press},
  year = {2000}
}

@Book{Avdeef2003,
  author = {Avdeef, A},
  title = {Absorption and drug development. Solubility, permeability and charge state.},
  Publisher = {Hoboken, NJ: Wileyâ€“Interscience.},
  year = {2003}
}

NEED TO BE MOVED OVER FROM MENDELEY 

@article{Cortes1995,
author = {Cortes, Corinna and Vapnik, Vladimir},
doi = {10.1007/BF00994018},
file = {:C$\backslash$:/Users/dsm38/AppData/Local/Mendeley Ltd./Mendeley Desktop/Downloaded/Cortes, Vapnik - 1995 - Support-vector networks.pdf:pdf},
issn = {0885-6125},
journal = {Machine Learning},
keywords = {efficient learning algorithms,neural networks,pattern recognition,polynomial classifiers,radial basis function classifiers},
month = sep,
number = {3},
pages = {273--297},
title = {{Support-vector networks}},
url = {http://www.springerlink.com/index/10.1007/BF00994018},
volume = {20},
year = {1995}
}

@article{Szekely2007,
author = {Sz\'{e}kely, G\'{a}bor J. and Rizzo, Maria L. and Bakirov, Nail K.},
doi = {10.1214/009053607000000505},
file = {:Users/daniel/Documents/papers/euclid.aos.1201012979.pdf:pdf},
issn = {0090-5364},
journal = {The Annals of Statistics},
month = dec,
number = {6},
pages = {2769--2794},
title = {{Measuring and testing dependence by correlation of distances}},
url = {http://projecteuclid.org/euclid.aos/1201012979},
volume = {35},
year = {2007}
}



