#### generated using the citation package in R
@Manual{R,
    title = {R: A Language and Environment for Statistical Computing},
    author = {{R Development Core Team}},
    organization = {R Foundation for Statistical Computing},
    address = {Vienna, Austria},
    year = {2012},
    note = {{ISBN} 3-900051-07-0},
    url = {http://www.R-project.org/},
  }

@Manual{gbm,
    title = {gbm: Generalized Boosted Regression Models},
    author = {Greg Ridgeway},
    year = {2013},
    note = {R package version 2.0-8},
    url = {http://CRAN.R-project.org/package=gbm},
  }

@Manual{rJava,
    title = {rJava: Low-level R to Java interfaces},
    author = {Simon Urbanek},
    year = {2013},
    note = {R package version 0.9-4},
    url = {http://CRAN.R-project.org/package=rJava},
  }

@Manual{pls,
    title = {pls: Partial Least Squares and Principal Component regression},
    author = {Bj√∏rn-Helge Mevik and Ron Wehrens and Kristian Hovde Liland},
    year = {2011},
    note = {R package version 2.3-0},
    url = {http://CRAN.R-project.org/package=pls},
  }

@Manual{caretEnsemble,
    title = {caretEnsemble: Framework for combining caret models into ensembles},
    author = {Zach Mayer},
    year = {2013},
    note = {R package version 1.0},
  }

@Article{randomForest,
    title = {Classification and Regression by randomForest},
    author = {Andy Liaw and Matthew Wiener},
    journal = {R News},
    year = {2002},
    volume = {2},
    number = {3},
    pages = {18-22},
    url = {http://CRAN.R-project.org/doc/Rnews/},
  }

@Article{kernlab,
    title = {kernlab -- An {S4} Package for Kernel Methods in {R}},
    author = {Alexandros Karatzoglou and Alex Smola and Kurt Hornik and Achim Zeileis},
    journal = {Journal of Statistical Software},
    year = {2004},
    volume = {11},
    number = {9},
    pages = {1--20},
    url = {http://www.jstatsoft.org/v11/i09/},
  }


#### obtained from the jstatsoft site
@article{Kuhn2008,
  author =	"Max Kuhn",
  title =	"Building Predictive Models in R Using the caret Package",
  journal =	"Journal of Statistical Software",
  volume =	"28",
  number =	"5",
  pages =	"1--26",
  day =  	"10",
  month =	"11",
  year = 	"2008",
  CODEN =	"JSSOBK",
  ISSN = 	"1548-7660",
  bibdate =	"2008-08-18",
  URL =  	"http://www.jstatsoft.org/v28/i05",
  accepted =	"2008-08-18",
  acknowledgement = "",
  keywords =	"",
  submitted =	"2008-04-22",
}


@Manual{laggner_2009,
    title = {SMARTS Patterns for Functional Group Classification},
    author = {Christian Laggner},
    note = {Available at http://code.google.com/p/semanticchemistry/ source/browse/wiki/InteLigand.wiki?spec5svn41&r541.}
    year = {2009},
  }

@unpublished{murrell_discovering_2013,
   AUTHOR  = {Ben Murrell and Daniel Murrell and Hugh Murrell},
   TITLE   = {Discovering general multidimensional associations},
   YEAR    = {2013},
   JOURNAL = {pre-print},
   note = {arXiv:1303.1828 [stat.AP]}
}



